@misc{fields2cover2023github,
    author = "Fields2Cover",
    title = {GitHub - Fields2Cover/Fields2Cover: Robust and efficient coverage
             paths for autonomous agricultural vehicles. A modular and extensible
             Coverage Path Planning library},
    year = "2023",
    howpublished = {GitHub},
    note = {Available at: \url{https://github.com/Fields2Cover/Fields2Cover}},
    url = {https://github.com/Fields2Cover/Fields2Cover},
}


@misc{geeksforgeeks2023,
    author = {GeeksforGeeks},
    title = {Convex Hull Using Graham Scan},
    year = {2023},
    howpublished = {Available at: \url{
                    https://www.geeksforgeeks.org/convex-hull-using-graham-scan/}
                    },
    note = {Accessed: 2023-12-11},
    url = {https://www.geeksforgeeks.org/convex-hull-using-graham-scan/},
}

