@misc{PCTut5,
author = {Chardaire, Pierre},
title = {Tutorial 5: Producing professional looking tables},
year = {2013}
}
@misc{pgfgantt,
author = {Skala, Wolfgang},
title = {Drawing Gantt Charts in {\LaTeX{}} with {TikZ}},
year = {2013},
howpublished = {\url{http://anorien.csc.warwick.ac.uk/mirrors/CTAN/graphics/pgf/contrib/pgfgantt/pgfgantt.pdf}}
}
@book{zobel,
	title={Writing for computer science},
	subtitle={The art of effective communication},
	author={Zobel, Justin},
	year={1997},
	publisher={Springer-Verlag New York Incorporated}
}
@misc{UCP,
	author = {{The University of Chicago Press}},
	title = {Manuscript Preparation - Tables},
	year = {2013},
	note = {Instructions for building and formatting tables according to University of Chicago Press guidelines.},
	howpublished = {\url{http://www.press.uchicago.edu/infoServices/prep-table.html}}
}
@misc{Scribe,
	author = {Abel Scribe},
	title = {{APA} Research Style Crib Sheet},
	year = {2006},
	howpublished = {\url{http://www2.psych.utoronto.ca/users/reingold/courses/resources/handouts_apa/StudyGuide2.pdf}}
}